<?xml version="1.0" encoding="UTF-8"?><record xmlns="http://www.loc.gov/MARC21/slim" xmlns:cinclude="http://apache.org/cocoon/include/1.0" xmlns:zs="http://www.loc.gov/zing/srw/">
  <leader>00860nz  a2200181n  4500</leader>
  <controlfield tag="001">no2006083158</controlfield>
  <controlfield tag="003">DLC</controlfield>
  <controlfield tag="005">20060811051817.0</controlfield>
  <controlfield tag="008">060809n| acannaabn          |a aaa     c</controlfield>
  <datafield tag="010" ind1=" " ind2=" ">
    <subfield code="a">no2006083158</subfield>
  </datafield>
  <datafield tag="035" ind1=" " ind2=" ">
    <subfield code="a">(OCoLC)oca07018947</subfield>
  </datafield>
  <datafield tag="040" ind1=" " ind2=" ">
    <subfield code="a">OAkU-AV</subfield>
    <subfield code="b">eng</subfield>
    <subfield code="c">OAkU-AV</subfield>
  </datafield>
  <datafield tag="100" ind1="1" ind2=" ">
    <subfield code="a">Van Arsdale, Michael</subfield>
  </datafield>
  <datafield tag="400" ind1="1" ind2=" ">
    <subfield code="a">VanArsdale, Michael</subfield>
  </datafield>
  <datafield tag="400" ind1="1" ind2=" ">
    <subfield code="a">Arsdale, Michael van</subfield>
  </datafield>
  <datafield tag="670" ind1=" " ind2=" ">
    <subfield code="a">University of Akron Symphonic Band, Chamber Winds [SR] 2000:</subfield>
    <subfield code="b">program (Michael VanArsdale, grad. asst. conductor)</subfield>
  </datafield>
  <datafield tag="670" ind1=" " ind2=" ">
    <subfield code="a">Univ. of Akron file, Aug. 9, 2006</subfield>
    <subfield code="b">(hdg.: Van Arsdale, Michael; usage: Michael Van Arsdale; saxophonist)</subfield>
  </datafield>
  <datafield tag="670" ind1=" " ind2=" ">
    <subfield code="a">Heritage of America Band WWW site, Aug. 9, 2006</subfield>
    <subfield code="b">(Staff sgt. Michael Van Arsdale; director, Rhythm in Blue Jazz Ensemble)</subfield>
    <subfield code="u">http://www.heritageofamericaband.acc.af.mil/RiB%20Sponsor%20Kit/2b.%20RiB%20Musical%20Director%20Profile.pdf</subfield>
  </datafield>
</record>